@article{Liu_Qian_Gong_Wang_2021,
title={Gravitational waves in scalar–tensor–vector gravity theory}, 
journal={Universe}, 
author={Liu, Yunqi and Qian, Wei-Liang and Gong, Yungui and Wang, Bin}, 
year={2021}, 
month={Jan}} 

@book{Dhurandhar_Mitra_2023, place={Cham}, title={General relativity and Gravitational waves: Essentials of theory and Practice}, publisher={Springer}, 
author={Dhurandhar, Sanjeev and Mitra, Sanjit}, year={2023}} 

@book{Maggiore_2008, place={Oxford}, title={Gravitational waves}, publisher={Oxford University Press}, author={Maggiore, Michele}, year={2008}} 

@book{Misner_Thorne_Wheeler_Kaiser_2017, place={Princeton}, title={Gravitation}, publisher={Princeton University Press}, author={Misner, Charles W. and Thorne, Kip S. and Wheeler, John Archibald and Kaiser, David}, year={2017}} 

@book{Peebles_2020, place={Princeton}, title={Principles of physical cosmology: Including the 2019 Nobel lecture by the author}, publisher={Princeton University Press}, author={Peebles, Phillip  James Edwin}, year={2020}} 

@book{Roy_Moreau_2015, place={New York}, title={Fractional calculus theory}, publisher={Nova Publishers}, author={Roy, Abi Zeid Daou and Moreau, Xavier}, year={2015}} 

@book{Herrmann_2018, place={New Jersey}, title={Fractional calculus: An introduction for physicists}, publisher={World Scientific}, author={Herrmann, Richard}, year={2018}} 

@book{Guidry_2019, place={Cambridge etc.}, title={Modern general relativity: Black holes, gravitational waves and cosmology}, publisher={Cambridge university press}, author={Guidry, Mike}, year={2019}} 

@article{ALMEIDA2012142,
title = {Fractional variational problems with the Riesz–Caputo derivative},
journal = {Applied Mathematics Letters},
volume = {25},
number = {2},
pages = {142-148},
year = {2012},
issn = {0893-9659},
doi = {https://doi.org/10.1016/j.aml.2011.08.003},
url = {https://www.sciencedirect.com/science/article/pii/S0893965911003648},
author = {Ricardo Almeida},
}

@article{rsz,
title = {On Riesz-Caputo Formulation for Sequential Fractional Variational Principles},
journal = {Abstract and Applied Analysis},
doi = {https://doi.org/10.1155/2012/890396},
url = {https://www.hindawi.com/journals/aaa/2012/890396/},
author = {Cheung, Wing-Sum and Jarad, Fahd and Abdeljawad, Thabet and Baleanu, Dumitru},
}

@article{ODIBAT2006527,
title = {Approximations of fractional integrals and Caputo fractional derivatives},
journal = {Applied Mathematics and Computation},
volume = {178},
number = {2},
pages = {527-533},
year = {2006},
issn = {0096-3003},
doi = {https://doi.org/10.1016/j.amc.2005.11.072},
url = {https://www.sciencedirect.com/science/article/pii/S0096300305010003},
author = {Zaid Odibat},
}

@article{ML,
title = {High-Order Algorithms for Riesz Derivative and Their Applications},
journal = {Abstract and Applied Analysis},
year = {2014},
author = {Ding, Hengfei and Li, Changpin and Chen,YangQuan},
}

@article{Chen,
title = {Anti-periodic boundary value problems with Riesz–Caputo derivative},
journal = {Advances in Difference Equations},
year = {2019},
author = {Chen, Anping and Chen, Fulai},
}

@article{article1,
author = {Rahou, Wafaa and Salim, Abdelkrim and Lazreg, Jamal and Benchohra, Mouffak},
year = {2023},
month = {03},
pages = {109-132},
title = {On Fractional Differential Equations with Riesz-Caputo Derivative and Non-Instantaneous Impulses},
volume = {20},
doi = {10.22130/scma.2023.563452.1186}
}

@article{article2,
author = {Adjimi, Naas and Benbachir, Maamar},
year = {2022},
month = {04},
pages = {225-239},
title = {Existence results for Langevin equation with Riesz-Caputo fractional derivative},
volume = {17},
journal = {Surveys in Mathematics and its Applications}
}

@article{article3,
author = {Adjimi, Naas and Boutiara, Abdelatif and Benbachir, Maamar and Abdo, Mohammed},
year = {2021},
month = {09},
pages = {},
title = {Analysis of a fractional boundary value problem involving Riesz-Caputo fractional derivative},
journal = {Advances in the Theory of Nonlinear Analysis and its Application},
doi = {10.31197/atnaa.927938}
}

@article{article4,
author = {Rasouli, Seyed and Cheraghchi, Samira and Moniz, Paulo},
year = {2024},
month = {05},
pages = {281},
title = {Fractional Scalar Field Cosmology},
volume = {8},
journal = {Fractal and Fractional},
doi = {10.3390/fractalfract8050281}
}

@article{article5,
author = {Moniz, Paulo and Jalalzadeh, Shahram},
year = {2020},
month = {03},
pages = {},
title = {From Fractional Quantum Mechanics to Quantum Cosmology: An Overture}
}